{
  "leader": "03115cam a2200433Ia 4500",
  "fields": [
    {
      "001": "ocm48778662\\"
    },
    {
      "003": "OCoLC"
    },
    {
      "005": "20220706122816.0"
    },
    {
      "008": "020114s2001\\\\\\\\ohuadk\\\\\\b\\\\\\\\001\\0\\eng\\d"
    },
    {
      "040": {
        "ind1": "\\",
        "ind2": "\\",
        "subfields": [
          {
            "a": "VYF"
          },
          {
            "b": "eng"
          },
          {
            "c": "VYF"
          },
          {
            "d": "OCLCQ"
          },
          {
            "d": "BAKER"
          },
          {
            "d": "BTCTA"
          },
          {
            "d": "GGYBL"
          },
          {
            "d": "YDXCP"
          },
          {
            "d": "OCLCF"
          },
          {
            "d": "OCLCO"
          },
          {
            "d": "OCLCQ"
          },
          {
            "d": "OCLCO"
          }
        ]
      }
    },
    {
      "020": {
        "ind1": "\\",
        "ind2": "\\",
        "subfields": [
          {
            "a": "0872182924"
          }
        ]
      }
    },
    {
      "020": {
        "ind1": "\\",
        "ind2": "\\",
        "subfields": [
          {
            "a": "9780872182929"
          }
        ]
      }
    },
    {
      "035": {
        "ind1": "\\",
        "ind2": "\\",
        "subfields": [
          {
            "a": "(OCoLC)48778662"
          }
        ]
      }
    },
    {
      "043": {
        "ind1": "\\",
        "ind2": "\\",
        "subfields": [
          {
            "a": "n-us---"
          }
        ]
      }
    },
    {
      "050": {
        "ind1": "\\",
        "ind2": "4",
        "subfields": [
          {
            "a": "HJ4653.D4"
          },
          {
            "b": "T66 2001"
          }
        ]
      }
    },
    {
      "082": {
        "ind1": "0",
        "ind2": "4",
        "subfields": [
          {
            "a": "658.153"
          },
          {
            "b": "TOO"
          }
        ]
      }
    },
    {
      "245": {
        "ind1": "0",
        "ind2": "4",
        "subfields": [
          {
            "a": "The tools & techniques of charitable planning /"
          },
          {
            "c": "Stephan R. Leimberg [and others]."
          }
        ]
      }
    },
    {
      "246": {
        "ind1": "3",
        "ind2": "0",
        "subfields": [
          {
            "a": "Tools and techniques of charitable planning"
          }
        ]
      }
    },
    {
      "246": {
        "ind1": "3",
        "ind2": "0",
        "subfields": [
          {
            "a": "Charitable planning"
          }
        ]
      }
    },
    {
      "250": {
        "ind1": "\\",
        "ind2": "\\",
        "subfields": [
          {
            "a": "1st ed."
          }
        ]
      }
    },
    {
      "260": {
        "ind1": "\\",
        "ind2": "\\",
        "subfields": [
          {
            "a": "Cincinnati, OH :"
          },
          {
            "b": "National Underwriter Co.,"
          },
          {
            "c": "2001."
          }
        ]
      }
    },
    {
      "300": {
        "ind1": "\\",
        "ind2": "\\",
        "subfields": [
          {
            "a": "xiii, 369 pages :"
          },
          {
            "b": "illustrations, forms ;"
          },
          {
            "c": "28 cm"
          }
        ]
      }
    },
    {
      "336": {
        "ind1": "\\",
        "ind2": "\\",
        "subfields": [
          {
            "a": "text"
          },
          {
            "b": "txt"
          },
          {
            "2": "rdacontent"
          }
        ]
      }
    },
    {
      "337": {
        "ind1": "\\",
        "ind2": "\\",
        "subfields": [
          {
            "a": "unmediated"
          },
          {
            "b": "n"
          },
          {
            "2": "rdamedia"
          }
        ]
      }
    },
    {
      "338": {
        "ind1": "\\",
        "ind2": "\\",
        "subfields": [
          {
            "a": "volume"
          },
          {
            "b": "nc"
          },
          {
            "2": "rdacarrier"
          }
        ]
      }
    },
    {
      "504": {
        "ind1": "\\",
        "ind2": "\\",
        "subfields": [
          {
            "a": "Includes bibliographical references (pages 353-363) and index."
          }
        ]
      }
    },
    {
      "505": {
        "ind1": "0",
        "ind2": "\\",
        "subfields": [
          {
            "a": "1. Selling the dream -- 2. General rules for charitable deductions -- 3. Income percentage limits -- 4. Gifts of property -- 5. Partial interest rules -- 6. E-philanthropy and technology issues -- 7. Ethical issues in charitable planning -- 8. The planned giving office -- 9. The planned giving team -- 10. Bargain sale transactions -- 11. Below-market interest loans -- 12. Charitable gift annuities -- 13. Charitabel giving using life insurance -- 14. Charitable lead trusts -- 15. Charitable remainder annuity trusts -- 16. Charitable remainder unitrusts -- 17. Community foundations -- 18. Qualified conservation contributions -- 19. Donor advised funds -- 20. Pooled income funds -- 21. Private foundations -- 22. Retirement plan gifts -- 23. Testamentary gifts -- 24. Supporting organizations -- Appendices: (A) Planned giving trends -- (B) Charitable gift annuity rates and IRS expected return multiples -- (C) Charitable remainder trust (CRT) administration -- (D) Income percentage limits for lifetime charitable gifts -- (E) Codes of ethics -- (F) IRS filing requirements and forms -- (G) Model forms for charitable remainder trusts -- (H) Charitable planning software -- (I) Tax rates and credits -- (J) Valuation issues relating to specific assets -- (K) Valuation tables -- (L) Charitable planning websites."
          }
        ]
      }
    },
    {
      "650": {
        "ind1": "\\",
        "ind2": "0",
        "subfields": [
          {
            "a": "Charitable bequests"
          },
          {
            "z": "United States."
          }
        ]
      }
    },
    {
      "650": {
        "ind1": "\\",
        "ind2": "0",
        "subfields": [
          {
            "a": "Charitable uses, trusts, and foundations"
          },
          {
            "z": "United States."
          }
        ]
      }
    },
    {
      "650": {
        "ind1": "\\",
        "ind2": "0",
        "subfields": [
          {
            "a": "Income tax deductions for charitable contributions"
          },
          {
            "z": "United States."
          }
        ]
      }
    },
    {
      "650": {
        "ind1": "\\",
        "ind2": "7",
        "subfields": [
          {
            "a": "Charitable bequests."
          },
          {
            "2": "fast"
          },
          {
            "0": "(OCoLC)fst00852372"
          }
        ]
      }
    },
    {
      "650": {
        "ind1": "\\",
        "ind2": "7",
        "subfields": [
          {
            "a": "Charitable uses, trusts, and foundations."
          },
          {
            "2": "fast"
          },
          {
            "0": "(OCoLC)fst00852380"
          }
        ]
      }
    },
    {
      "650": {
        "ind1": "\\",
        "ind2": "7",
        "subfields": [
          {
            "a": "Income tax deductions for charitable contributions."
          },
          {
            "2": "fast"
          },
          {
            "0": "(OCoLC)fst00968786"
          }
        ]
      }
    },
    {
      "651": {
        "ind1": "\\",
        "ind2": "7",
        "subfields": [
          {
            "a": "United States."
          },
          {
            "2": "fast"
          },
          {
            "0": "(OCoLC)fst01204155"
          }
        ]
      }
    },
    {
      "700": {
        "ind1": "1",
        "ind2": "\\",
        "subfields": [
          {
            "a": "Leimberg, Stephan R."
          }
        ]
      }
    },
    {
      "776": {
        "ind1": "0",
        "ind2": "8",
        "subfields": [
          {
            "i": "Online version:"
          },
          {
            "t": "Tools & techniques of charitable planning."
          },
          {
            "b": "1st ed."
          },
          {
            "d": "Cincinnati, OH : National Underwriter Co., 2001"
          },
          {
            "w": "(OCoLC)776145767"
          }
        ]
      }
    },
    {
      "994": {
        "ind1": "\\",
        "ind2": "\\",
        "subfields": [
          {
            "a": "Z0"
          },
          {
            "b": "NYRVC"
          }
        ]
      }
    },
    {
      "948": {
        "ind1": "\\",
        "ind2": "\\",
        "subfields": [
          {
            "h": "NO HOLDINGS IN NYRVC - 44 OTHER HOLDINGS"
          }
        ]
      }
    },
    {
      "999": {
        "ind1": "\\",
        "ind2": "\\",
        "subfields": [
          {
            "a": "00000000013696"
          }
        ]
      }
    }
  ]
}